%YAML 1.1
%TAG !u! tag:unity3d.com,2011:
--- !u!1 &122350
GameObject:
  m_ObjectHideFlags: 0
  m_PrefabParentObject: {fileID: 0}
  m_PrefabInternal: {fileID: 100100000}
  serializedVersion: 4
  m_Component:
  - 4: {fileID: 422350}
  m_Layer: 0
  m_Name: corridor_3x1_1AA
  m_TagString: Untagged
  m_Icon: {fileID: 0}
  m_NavMeshLayer: 0
  m_StaticEditorFlags: 0
  m_IsActive: 1
--- !u!1 &122352
GameObject:
  m_ObjectHideFlags: 0
  m_PrefabParentObject: {fileID: 0}
  m_PrefabInternal: {fileID: 100100000}
  serializedVersion: 4
  m_Component:
  - 4: {fileID: 422354}
  - 33: {fileID: 3322354}
  - 23: {fileID: 2322354}
  - 64: {fileID: 6422354}
  m_Layer: 0
  m_Name: gjb_tile_011
  m_TagString: Untagged
  m_Icon: {fileID: 0}
  m_NavMeshLayer: 0
  m_StaticEditorFlags: 0
  m_IsActive: 1
--- !u!1 &122354
GameObject:
  m_ObjectHideFlags: 0
  m_PrefabParentObject: {fileID: 0}
  m_PrefabInternal: {fileID: 100100000}
  serializedVersion: 4
  m_Component:
  - 4: {fileID: 422352}
  - 33: {fileID: 3322352}
  - 23: {fileID: 2322352}
  - 64: {fileID: 6422352}
  m_Layer: 0
  m_Name: gjb_tile_009
  m_TagString: Untagged
  m_Icon: {fileID: 0}
  m_NavMeshLayer: 0
  m_StaticEditorFlags: 0
  m_IsActive: 1
--- !u!1 &122356
GameObject:
  m_ObjectHideFlags: 0
  m_PrefabParentObject: {fileID: 0}
  m_PrefabInternal: {fileID: 100100000}
  serializedVersion: 4
  m_Component:
  - 4: {fileID: 422356}
  - 33: {fileID: 3322356}
  - 23: {fileID: 2322356}
  - 64: {fileID: 6422356}
  m_Layer: 0
  m_Name: gjb_tile_009
  m_TagString: Untagged
  m_Icon: {fileID: 0}
  m_NavMeshLayer: 0
  m_StaticEditorFlags: 0
  m_IsActive: 1
--- !u!4 &422350
Transform:
  m_ObjectHideFlags: 1
  m_PrefabParentObject: {fileID: 0}
  m_PrefabInternal: {fileID: 100100000}
  m_GameObject: {fileID: 122350}
  m_LocalRotation: {x: 0, y: -.707106829, z: 0, w: .707106829}
  m_LocalPosition: {x: -18, y: 0, z: -54}
  m_LocalScale: {x: 1, y: 1, z: 1}
  m_Children:
  - {fileID: 422352}
  - {fileID: 422354}
  - {fileID: 422356}
  m_Father: {fileID: 0}
  m_RootOrder: 0
--- !u!4 &422352
Transform:
  m_ObjectHideFlags: 1
  m_PrefabParentObject: {fileID: 0}
  m_PrefabInternal: {fileID: 100100000}
  m_GameObject: {fileID: 122354}
  m_LocalRotation: {x: 0, y: .707106829, z: .707106829, w: 0}
  m_LocalPosition: {x: 15, y: 0, z: 0}
  m_LocalScale: {x: 1, y: 1, z: 1}
  m_Children: []
  m_Father: {fileID: 422350}
  m_RootOrder: 0
--- !u!4 &422354
Transform:
  m_ObjectHideFlags: 1
  m_PrefabParentObject: {fileID: 0}
  m_PrefabInternal: {fileID: 100100000}
  m_GameObject: {fileID: 122352}
  m_LocalRotation: {x: -.707106829, y: 0, z: 0, w: .707106829}
  m_LocalPosition: {x: 9, y: 0, z: 0}
  m_LocalScale: {x: 1, y: 1, z: 1}
  m_Children: []
  m_Father: {fileID: 422350}
  m_RootOrder: 1
--- !u!4 &422356
Transform:
  m_ObjectHideFlags: 1
  m_PrefabParentObject: {fileID: 0}
  m_PrefabInternal: {fileID: 100100000}
  m_GameObject: {fileID: 122356}
  m_LocalRotation: {x: 0, y: .707106829, z: .707106829, w: 0}
  m_LocalPosition: {x: 3, y: 0, z: 0}
  m_LocalScale: {x: 1, y: 1, z: 1}
  m_Children: []
  m_Father: {fileID: 422350}
  m_RootOrder: 2
--- !u!23 &2322352
Renderer:
  m_ObjectHideFlags: 1
  m_PrefabParentObject: {fileID: 0}
  m_PrefabInternal: {fileID: 100100000}
  m_GameObject: {fileID: 122354}
  m_Enabled: 1
  m_CastShadows: 1
  m_ReceiveShadows: 1
  m_LightmapIndex: 255
  m_LightmapTilingOffset: {x: 1, y: 1, z: 0, w: 0}
  m_Materials:
  - {fileID: 2100000, guid: ed68b5ee4a9d19645adac4e2ecf86669, type: 2}
  - {fileID: 2100000, guid: 4fc429f6a7282e944a6953c43218dc25, type: 2}
  - {fileID: 2100000, guid: 8975c54e7ddf84041aae9a17571f2427, type: 2}
  m_SubsetIndices: 
  m_StaticBatchRoot: {fileID: 0}
  m_UseLightProbes: 0
  m_LightProbeAnchor: {fileID: 0}
  m_ScaleInLightmap: 1
  m_SortingLayerID: 0
  m_SortingOrder: 0
--- !u!23 &2322354
Renderer:
  m_ObjectHideFlags: 1
  m_PrefabParentObject: {fileID: 0}
  m_PrefabInternal: {fileID: 100100000}
  m_GameObject: {fileID: 122352}
  m_Enabled: 1
  m_CastShadows: 1
  m_ReceiveShadows: 1
  m_LightmapIndex: 255
  m_LightmapTilingOffset: {x: 1, y: 1, z: 0, w: 0}
  m_Materials:
  - {fileID: 2100000, guid: ed68b5ee4a9d19645adac4e2ecf86669, type: 2}
  - {fileID: 2100000, guid: 4fc429f6a7282e944a6953c43218dc25, type: 2}
  - {fileID: 2100000, guid: 8975c54e7ddf84041aae9a17571f2427, type: 2}
  m_SubsetIndices: 
  m_StaticBatchRoot: {fileID: 0}
  m_UseLightProbes: 0
  m_LightProbeAnchor: {fileID: 0}
  m_ScaleInLightmap: 1
  m_SortingLayerID: 0
  m_SortingOrder: 0
--- !u!23 &2322356
Renderer:
  m_ObjectHideFlags: 1
  m_PrefabParentObject: {fileID: 0}
  m_PrefabInternal: {fileID: 100100000}
  m_GameObject: {fileID: 122356}
  m_Enabled: 1
  m_CastShadows: 1
  m_ReceiveShadows: 1
  m_LightmapIndex: 255
  m_LightmapTilingOffset: {x: 1, y: 1, z: 0, w: 0}
  m_Materials:
  - {fileID: 2100000, guid: ed68b5ee4a9d19645adac4e2ecf86669, type: 2}
  - {fileID: 2100000, guid: 4fc429f6a7282e944a6953c43218dc25, type: 2}
  - {fileID: 2100000, guid: 8975c54e7ddf84041aae9a17571f2427, type: 2}
  m_SubsetIndices: 
  m_StaticBatchRoot: {fileID: 0}
  m_UseLightProbes: 0
  m_LightProbeAnchor: {fileID: 0}
  m_ScaleInLightmap: 1
  m_SortingLayerID: 0
  m_SortingOrder: 0
--- !u!33 &3322352
MeshFilter:
  m_ObjectHideFlags: 1
  m_PrefabParentObject: {fileID: 0}
  m_PrefabInternal: {fileID: 100100000}
  m_GameObject: {fileID: 122354}
  m_Mesh: {fileID: 4300000, guid: 4286057299ab0f54280266067b590ee2, type: 3}
--- !u!33 &3322354
MeshFilter:
  m_ObjectHideFlags: 1
  m_PrefabParentObject: {fileID: 0}
  m_PrefabInternal: {fileID: 100100000}
  m_GameObject: {fileID: 122352}
  m_Mesh: {fileID: 4300000, guid: 0481bbf342c8b6e44ba96cbb730fab1c, type: 3}
--- !u!33 &3322356
MeshFilter:
  m_ObjectHideFlags: 1
  m_PrefabParentObject: {fileID: 0}
  m_PrefabInternal: {fileID: 100100000}
  m_GameObject: {fileID: 122356}
  m_Mesh: {fileID: 4300000, guid: 4286057299ab0f54280266067b590ee2, type: 3}
--- !u!64 &6422352
MeshCollider:
  m_ObjectHideFlags: 1
  m_PrefabParentObject: {fileID: 0}
  m_PrefabInternal: {fileID: 100100000}
  m_GameObject: {fileID: 122354}
  m_Material: {fileID: 0}
  m_IsTrigger: 0
  m_Enabled: 1
  serializedVersion: 2
  m_SmoothSphereCollisions: 0
  m_Convex: 0
  m_Mesh: {fileID: 4300000, guid: 4286057299ab0f54280266067b590ee2, type: 3}
--- !u!64 &6422354
MeshCollider:
  m_ObjectHideFlags: 1
  m_PrefabParentObject: {fileID: 0}
  m_PrefabInternal: {fileID: 100100000}
  m_GameObject: {fileID: 122352}
  m_Material: {fileID: 0}
  m_IsTrigger: 0
  m_Enabled: 1
  serializedVersion: 2
  m_SmoothSphereCollisions: 0
  m_Convex: 0
  m_Mesh: {fileID: 4300000, guid: 0481bbf342c8b6e44ba96cbb730fab1c, type: 3}
--- !u!64 &6422356
MeshCollider:
  m_ObjectHideFlags: 1
  m_PrefabParentObject: {fileID: 0}
  m_PrefabInternal: {fileID: 100100000}
  m_GameObject: {fileID: 122356}
  m_Material: {fileID: 0}
  m_IsTrigger: 0
  m_Enabled: 1
  serializedVersion: 2
  m_SmoothSphereCollisions: 0
  m_Convex: 0
  m_Mesh: {fileID: 4300000, guid: 4286057299ab0f54280266067b590ee2, type: 3}
--- !u!1001 &100100000
Prefab:
  m_ObjectHideFlags: 1
  serializedVersion: 2
  m_Modification:
    m_TransformParent: {fileID: 0}
    m_Modifications: []
    m_RemovedComponents: []
  m_ParentPrefab: {fileID: 0}
  m_RootGameObject: {fileID: 122350}
  m_IsPrefabParent: 1
  m_IsExploded: 1
